@PhDthesis{Abrahamson80,
  author =  "Abrahamson, K.R.",
  title =   "Decidability and expressivity of logics of processes",
  school =     "Department of Computer Science, University of Washington, Seattle, WA",
  note = {Report 80-08-01},
  year =      1980,
}

@InProceedings{BalbianiHerzigTroquard-Lics13,
author = {Balbiani, Philippe and Herzig, Andreas and Troquard, Nicolas},
title = "{Dynamic logic of propositional assignments: a well-behaved variant of PDL}",
booktitle = "{Logic in Computer Science (LICS)}",
editor = {Kupferman, O. },
year = {2013},
publisher = {IEEE},
pages = {},
}

@article{BalbianiHST14,
  author    = {Philippe Balbiani and
               Andreas Herzig and
               Fran{\c{c}}ois Schwarzentruber and
               Nicolas Troquard},
  title     = {{DL-PA} and {DCL-PC:} model checking and satisfiability problem are
               indeed in {PSPACE}},
  journal   = {CoRR},
  volume    = {abs/1411.7825},
  year      = {2014},
  url       = {http://arxiv.org/abs/1411.7825},
  archivePrefix = {arXiv},
  eprint    = {1411.7825},
  timestamp = {Mon, 13 Aug 2018 16:46:09 +0200},
  biburl    = {https://dblp.org/rec/bib/journals/corr/BalbianiHST14},
  bibsource = {dblp computer science bibliography, https://dblp.org}
}

@article{BalbianiV03,
  author    = {Philippe Balbiani and
               Dimiter Vakarelov},
  title     = {{PDL} with Intersection of Programs: {A} Complete Axiomatization},
  journal   = {J. of Applied Non-Classical Logics},
  volume    = {13},
  number    = {3-4},
  pages     = {231--276},
  year      = {2003},
  url       = {https://doi.org/10.3166/jancl.13.231-276},
  doi       = {10.3166/jancl.13.231-276},
  timestamp = {Sun, 28 May 2017 13:20:20 +0200},
  biburl    = {https://dblp.org/rec/bib/journals/jancl/BalbianiV03},
  bibsource = {dblp computer science bibliography, https://dblp.org}
}

@InProceedings{BienvenuHerzigQi-Ecai08,
author = {Bienvenu, Meghyn and Herzig, Andreas and Qi, Guilin},
title = "{Prime implicate-based belief revision operators}",
booktitle = "{European Conference on Artificial Intelligence (ECAI)}",
editor = {Ghallab, Malik and Spyropoulos, Constantine D. and Fakotakis, Nikos and Avouris, Nikos},
year = {2008},
month = {july},
publisher = {IOS Press},
pages = {741--742},
URL = {http://www.irit.fr/recherches/LILAC/Pers/Bienvenu/papers/BieHerQi_ECAI08.pdf},
keywords = {belief revision, prime implicates}
}

@article{DBLP:journals/logcom/BalbianiB18,
  author    = {Philippe Balbiani and
               Joseph Boudou},
  title     = {Iteration-free {PDL} with storing, recovering and parallel composition:
               a complete axiomatization},
  journal   = {J. Log. Comput.},
  volume    = {28},
  number    = {4},
  pages     = {705--731},
  year      = {2018},
  url       = {https://doi.org/10.1093/logcom/exv035},
  doi       = {10.1093/logcom/exv035},
  timestamp = {Wed, 11 Jul 2018 16:58:15 +0200},
  biburl    = {https://dblp.org/rec/bib/journals/logcom/BalbianiB18},
  bibsource = {dblp computer science bibliography, https://dblp.org}
}

@inproceedings{BalbianiT14,
  author    = {Philippe Balbiani and
               Tinko Tinchev},
  editor    = {Rajeev Gor{\'{e}} and
               Barteld P. Kooi and
               Agi Kurucz},
  title     = {Definability and Computability for {PRSPDL}},
  booktitle = {Advances in Modal Logic 10, invited and contributed papers from the
               tenth conference on "Advances in Modal Logic," held in Groningen,
               The Netherlands, August 5-8, 2014},
  pages     = {16--33},
  publisher = {College Publications},
  year      = {2014},
  url       = {http://www.aiml.net/volumes/volume10/Balbiani-Tinchev.pdf},
  timestamp = {Thu, 12 Mar 2020 11:36:56 +0100},
  biburl    = {https://dblp.org/rec/conf/aiml/BalbianiT14.bib},
  bibsource = {dblp computer science bibliography, https://dblp.org}
}

@inproceedings{Boudou16,
  author    = {Joseph Boudou},
  editor    = {Nicola Olivetti and
               Ashish Tiwari},
  title     = {Complexity Optimal Decision Procedure for a Propositional Dynamic
               Logic with Parallel Composition},
  booktitle = {Automated Reasoning - 8th International Joint Conference, {IJCAR}
               2016, Coimbra, Portugal, June 27 - July 2, 2016, Proceedings},
  series    = {Lecture Notes in Computer Science},
  volume    = {9706},
  pages     = {373--388},
  publisher = {Springer},
  year      = {2016},
  url       = {https://doi.org/10.1007/978-3-319-40229-1\_26},
  doi       = {10.1007/978-3-319-40229-1\_26},
  timestamp = {Wed, 06 Nov 2019 16:45:49 +0100},
  biburl    = {https://dblp.org/rec/conf/cade/Boudou16.bib},
  bibsource = {dblp computer science bibliography, https://dblp.org}
}

@inproceedings{CooperHMMR16,
  author    = {Martin C. Cooper and
               Andreas Herzig and
               Faustine Maffre and
               Fr{\'{e}}d{\'{e}}ric Maris and
               Pierre R{\'{e}}gnier},
  title     = {A Simple Account of Multi-Agent Epistemic Planning},
  booktitle = {{ECAI} 2016 - 22nd Eur. Conf. on Artificial Intelligence,
               29 August-2 September 2016, The Hague, The Netherlands},
  pages     = {193--201},
  year      = {2016},
  crossref  = {DBLP:conf/ecai/2016},
  url       = {https://doi.org/10.3233/978-1-61499-672-9-193},
  doi       = {10.3233/978-1-61499-672-9-193},
  timestamp = {Wed, 24 May 2017 08:27:20 +0200},
  biburl    = {https://dblp.org/rec/bib/conf/ecai/CooperHMMR16},
  bibsource = {dblp computer science bibliography, https://dblp.org}
}@proceedings{DBLP:conf/ecai/2016,
  editor    = {G.A. Kaminka and
               M. Fox and
               P. Bouquet and
               E. H{\"{u}}llermeier and
               V. Dignum and
               F. Dignum and
               F. van Harmelen},
  title     = {{ECAI} 2016 - 22nd European Conference on Artificial Intelligence,
               29 August-2 September 2016, The Hague, The Netherlands},
  series    = {Frontiers in Artificial Intelligence and Applications},
  volume    = {285},
  publisher = {{IOS} Press},
  year      = {2016},
  isbn      = {978-1-61499-671-2},
  timestamp = {Tue, 30 Aug 2016 10:30:24 +0200},
  biburl    = {https://dblp.org/rec/bib/conf/ecai/2016},
  bibsource = {dblp computer science bibliography, https://dblp.org}
}

@InProceedings{DoutreHerzigPerrussel-Kr14,
author = {Doutre, Sylvie and Herzig, Andreas and Perrussel, Laurent},
title = "{A dynamic logic framework for abstract argumentation}",
booktitle = "{International Conference on Principles of Knowledge Representation and Reasoning (KR), Vienna, Austria}",
editor = { },
year = {2014},
publisher = {AAAI Press},
pages = {143--152},
}

@inproceedings{FarinasHerzigSu-Lpar13,
  author    = {Fari{\~n}as del Cerro, Luis and
               Andreas Herzig and
               Su, Ezgi Iraz },
  title     = {Combining Equilibrium Logic and Dynamic Logic},
  booktitle = {LPNMR},
  year      = {2013},
  pages     = {304-316},
  ee        = {http://dx.doi.org/10.1007/978-3-642-40564-8_30},
  crossref  = {DBLP:conf/lpnmr/2013},
  bibsource = {DBLP, http://dblp.uni-trier.de}
}@proceedings{DBLP:conf/lpnmr/2013,
  editor    = {Pedro Cabalar and
               Tran Cao Son},
  title     = {Logic Programming and Nonmonotonic Reasoning, 12th International
               Conference, LPNMR 2013, Corunna, Spain, September 15-19,
               2013. Proceedings},
  booktitle = {LPNMR},
  publisher = {Springer},
  series    = {Lecture Notes in Computer Science},
  volume    = {8148},
  year      = {2013},
  isbn      = {978-3-642-40563-1, 978-3-642-40564-8},
  ee        = {http://dx.doi.org/10.1007/978-3-642-40564-8},
  bibsource = {DBLP, http://dblp.uni-trier.de}
}

@inproceedings{FeuilladeH14,
  author    = {Guillaume Feuillade and
               Andreas Herzig},
  title     = {A Dynamic View of Active Integrity Constraints},
  booktitle = {Logics in Artificial Intelligence - 14th European Conference, {JELIA}
               2014, Funchal, Madeira, Portugal, September 24-26, 2014. Proceedings},
  pages     = {486--499},
  year      = {2014},
  crossref  = {DBLP:conf/jelia/2014},
  url       = {https://doi.org/10.1007/978-3-319-11558-0\_34},
  doi       = {10.1007/978-3-319-11558-0\_34},
  timestamp = {Sun, 04 Jun 2017 10:09:36 +0200},
  biburl    = {https://dblp.org/rec/bib/conf/jelia/FeuilladeH14},
  bibsource = {dblp computer science bibliography, https://dblp.org}
}@proceedings{DBLP:conf/jelia/2014,
  editor    = {Eduardo Ferm{\'{e}} and
               Jo{\~{a}}o Leite},
  title     = {Logics in Artificial Intelligence - 14th European Conference, {JELIA}
               2014, Funchal, Madeira, Portugal, September 24-26, 2014. Proceedings},
  series    = {Lecture Notes in Computer Science},
  volume    = {8761},
  publisher = {Springer},
  year      = {2014},
  url       = {https://doi.org/10.1007/978-3-319-11558-0},
  doi       = {10.1007/978-3-319-11558-0},
  isbn      = {978-3-319-11557-3},
  timestamp = {Sun, 04 Jun 2017 10:09:36 +0200},
  biburl    = {https://dblp.org/rec/bib/conf/jelia/2014},
  bibsource = {dblp computer science bibliography, https://dblp.org}
}

@inproceedings{FeuilladeHR18,
  author    = {Guillaume Feuillade and
               Andreas Herzig and
               Christos Rantsoudis },
  title     = {Repairing ABoxes through Active Integrity Constraints},
  booktitle = {Proceedings of the 31th International Workshop on Description Logics.},
  year      = {2018},
  crossref  = {DBLP:conf/dlog/2018},
}@proceedings{DBLP:conf/dlog/2018,
  editor    = {},
  title     = {Proceedings of the 31th International Workshop on Description Logics},
  series    = {{CEUR} Workshop Proceedings},
  volume    = {},
  publisher = {CEUR-WS.org},
  year      = {2018},
}

@Article{FeuilladeHR19,
author = {Feuillade, Guillaume and Herzig, Andreas and Rantsoudis, Christos},
title = "{A Dynamic Logic Account of Active Integrity Constraints}",
journal = {Fundamenta Informaticae},
publisher = {IOS Press},
address = {http://www.iospress.nl/},
year = {2019},
volume = {169},
number = {3},
pages = {179--210},
}

@InProceedings{Herzig-Kr96,
  author =   "Herzig, Andreas",
  title =    "The {PMA} revisited",
  editor =   "Aiello, Luigia Carlucci and Shapiro, Stuart",
  booktitle =    "Proc. Int. Conf. on Knowledge Representation and Reasoning (KR'96)",
  month =    nov,
  pages =    "40--50",
  publisher =    "Morgan Kaufmann Publishers",
  year =     "1996",
  keywords =     "CICL, kwUPDATES, kwCONDITIONAL, kwMAIN",
  postscript =   "../Herzig/P/kr96.ps.gz",
  url =      "../Herzig/P/kr96.html"
}

@InCollection{Herzig-drumsbook98,
  author =   "Herzig, Andreas",
  title =    "Logics for belief base updating",
  booktitle =    "Handbook of defeasible reasoning and uncertainty management",
  publisher =    Kluwer,
  year =     1998,
  editor =   "Dubois, Didier and Gabbay, Dov and Prade, Henri and Smets, Philippe",
  volume =   "3 - Belief Change",
  pages =    "189--231",
  keywords =     "SYNT, kwUPDATES, kwMAIN",
  URL =      "../Herzig/P/u.html",
}

@inproceedings{Herzig-Wollic13,
  author    = {Andreas Herzig},
  title     = {A Simple Separation Logic},
  booktitle = {WoLLIC},
  year      = {2013},
  pages     = {168-178},
  ee        = {http://dx.doi.org/10.1007/978-3-642-39992-3_16},
  crossref  = {DBLP:conf/wollic/2013},
  bibsource = {DBLP, http://dblp.uni-trier.de}
}@proceedings{DBLP:conf/wollic/2013,
  editor    = {L. Libkin and
               U. Kohlenbach and
               R.J.G.B. de Queiroz},
  title     = {Logic, Language, Information, and Computation - 20th Int.
               Workshop, WoLLIC 2013, Darmstadt, Germany, August 20-23,
               2013. Proceedings},
  booktitle = {WoLLIC},
  publisher = {Springer},
  series    = {Lecture Notes in Computer Science},
  volume    = {8071},
  year      = {2013},
  isbn      = {978-3-642-39991-6},
  ee        = {http://dx.doi.org/10.1007/978-3-642-39992-3},
  bibsource = {DBLP, http://dblp.uni-trier.de}
}

@InProceedings{Herzig-Kr14,
author = {Herzig, Andreas},
title = "{Belief change operations: a short history of nearly everything, told in dynamic logic of propositional assignments}",
booktitle = "{Proc. KR 2014}",
editor = {Baral, Chitta and De Giacomo, Giuseppe},
year = {2014},
publisher = {AAAI Press},
pages = {},
}

@InProceedings{HerzigEtal-Ijcai19,
  author    = {Andreas Herzig and
               Fr{\'{e}}d{\'{e}}ric Maris and
               Julien Vianey},
  title     = {Dynamic logic of parallel propositional assignments and its applications
               to planning},
  booktitle = {Proceedings of the Twenty-Eighth International Joint Conference on
               Artificial Intelligence, {IJCAI} 2019, Macao, China, August 10-16,
               2019},
  pages     = {5576--5582},
  year      = {2019},
  crossref  = {DBLP:conf/ijcai/2019},
  url       = {https://doi.org/10.24963/ijcai.2019/774},
  doi       = {10.24963/ijcai.2019/774},
  timestamp = {Tue, 20 Aug 2019 16:18:18 +0200},
  biburl    = {https://dblp.org/rec/bib/conf/ijcai/HerzigMV19},
  bibsource = {dblp computer science bibliography, https://dblp.org}
}@proceedings{DBLP:conf/ijcai/2019,
  editor    = {S. Kraus},
  title     = {Int. Joint Conf. on
               Artificial Intelligence, {IJCAI} 2019, Macao, China, August 10-16,
               2019},
  publisher = {ijcai.org},
  year      = {2019},
  url       = {https://doi.org/10.24963/ijcai.2019},
  doi       = {10.24963/ijcai.2019},
  timestamp = {Tue, 20 Aug 2019 16:18:18 +0200},
  biburl    = {https://dblp.org/rec/bib/conf/ijcai/2019},
  bibsource = {dblp computer science bibliography, https://dblp.org}
}

@InProceedings{HerzigEtal-Ijcai11,
author    = {Herzig, Andreas and Lorini, Emiliano and Moisan, Fr\'ed\'eric and Troquard, Nicolas},
title     = "{A dynamic logic of normative systems}",
booktitle = "{Int. Joint Conf. on Artificial Intelligence (IJCAI)}",
editor    = {Walsh, Toby},
address = {Barcelona},
year      = {2011},
pages     = {228-233},
publisher = {IJCAI/AAAI},
URL       = {http://www.irit.fr/~Andreas.Herzig/P/Ijcai11.html},
}

@InProceedings{HerzigEtal-Ecai14,
author = {Herzig, Andreas and Menezes, Viviane and Nunes De Barros, Leliane and Wassermann, Renata},
title = "{On the revision of planning tasks}",
booktitle = "{European Conference on Artificial Intelligence (ECAI)}",
editor = {Schaub, T.},
year = {2014},
month = aug,
pages = {},
}

@InProceedings{HerzigPozosSchwarzentruber-Foiks14,
author = {Herzig, Andreas and Pozos Parra, Pilar and Schwarzentruber, Fran\c{c}ois},
title = "{Belief merging in Dynamic Logic of Propositional Assignments}",
booktitle = "{International Symposium on Foundations of Information and Knowledge Systems (FoIKS) (FolKS), Bordeaux}",
editor = {Beierle, Christoph and Meghini, Carlo},
year = {2014},
month = {mars},
to_appear = {to appear},
publisher = {Springer},
pages = {},
language = {anglais},
keywords = {belief merging, belief change, dynamic logic},
abstract = {We examine several belief merging operations in the light of Dynamic Logic of Propositional Assignments DL-PA. We show that we can encode such operators as particular DL-PA programs. This provides a syntactical belief merging method.}
}

@Article{HerzigRifi-Aij99,
  author  = "Herzig, Andreas and Rifi, Omar",
  title   = "Propositional belief base update and minimal change",
  journal = "Artificial Intelligence Journal",
  year    = "1999",
  month   = nov,
  volume =   "115",
  number =   "1",
  pages =    "107--138",
  keywords =     "RICL, kwUPDATES, kwMAIN",
  url =      "../Herzig/P/aij99.html",
  postscript =   "../Herzig/P/aij99.ps.gz"
}

@InProceedings{HerzigLT-Clima11,
author = {Herzig, Andreas and Lorini, Emiliano and Troquard, Nicolas},
title = "{A dynamic logic of institutional actions}",
booktitle = "{Computational Logic in Multi-Agent Systems (CLIMA)}",
editor = {Leite, Jo{\~a}o and Torroni, Paolo},
address = {Barcelona},
year = {2011},
month = {juillet},
publisher = {Springer Verlag},
series = {LNCS/LNAI},
volume = {6814},
pages = {295--311},
URL = {http://www.irit.fr/~Andreas.Herzig/P/Clima11.html},
}

@Article{HerzigEtal-Tocl13,
author = {Herzig, Andreas and Lang, J�r�me and Marquis, Pierre},
title = "{Propositional update operators based on formula/literal dependence}",
journal = {ACM Transactions on Computational Logic (TOCL)},
publisher = {ACM DL},
volume = {14},
number = {3},
pages = {24},
address = {http://portal.acm.org/dl.cfm},
year = {2013},
}

@article{DBLP:journals/logcom/NovaroGH18,
  author    = {Arianna Novaro and
               Umberto Grandi and
               Andreas Herzig},
  title     = {Judgment aggregation in dynamic logic of propositional assignments},
  journal   = {J. Log. Comput.},
  volume    = {28},
  number    = {7},
  pages     = {1471--1498},
  year      = {2018},
  url       = {https://doi.org/10.1093/logcom/exy024},
  doi       = {10.1093/logcom/exy024},
  timestamp = {Mon, 12 Nov 2018 14:55:40 +0100},
  biburl    = {https://dblp.org/rec/bib/journals/logcom/NovaroGH18},
  bibsource = {dblp computer science bibliography, https://dblp.org}
}




















%%%%%%%%%%%%%%%% EUX

@Article{AlchourronEtAl85,
  author =   {Alchourr{\'{o}}n, Carlos and G{\"a}rdenfors, Peter and
          Makinson, David},
  title =    {On the logic of theory change:
                  Partial meet contraction and revision functions},
  journal =      {J. of Symbolic Logic},
  year =     1985,
  volume =   50,
  pages =    {510--530},
}

@inproceedings{AucherBBGT11,
  author    = {Guillaume Aucher and
               Steve Barker and
               Guido Boella and
               Valerio Genovese and
               Leendert van der Torre},
  title     = {Dynamics in Delegation and Revocation Schemes: A Logical
               Approach},
  booktitle = {DBSec},
  year      = {2011},
  pages     = {90-105},
  crossref  = {DBLP:conf/dbsec/2011},
  bibsource = {DBLP, http://dblp.uni-trier.de}
}@proceedings{DBLP:conf/dbsec/2011,
  editor    = {Yingjiu Li},
  title     = {Data and Applications Security and Privacy XXV - 25th Annual
               IFIP WG 11.3 Conference, DBSec 2011, Richmond, VA, USA,
               July 11-13, 2011. Proceedings},
  booktitle = {DBSec},
  publisher = {Springer},
  series    = {Lecture Notes in Computer Science},
  volume    = {6818},
  year      = {2011},
  isbn      = {978-3-642-22347-1},
}

@inproceedings{BaaderLutzMilicicSattlerWolter05-WSS,
  address = {Chiba City, Japan},
  author = {F. {Baader} and C. {Lutz} and M. {Milicic} and U. {Sattler} and F. {Wolter}},
  booktitle = {Proceedings of the WWW 2005 Workshop on Web Service Semantics ({WSS2005})},
  title = {A Description Logic Based Approach to Reasoning about Web Services},
  year = {2005},
}

@inproceedings{Baral95,
  author    = {Chitta Baral},
  title     = {Reasoning about actions: Non-deterministic effects, Constraints,
               and Qualification},
  booktitle = {IJCAI},
  year      = {1995},
  pages     = {2017-2026},
  crossref  = {DBLP:conf/ijcai/1995},
  bibsource = {DBLP, http://dblp.uni-trier.de}
}@proceedings{DBLP:conf/ijcai/1995,
  title     = {Proceedings of the Fourteenth International Joint Conference
               on Artificial Intelligence, IJCAI 95, Montr{\'e}al Qu{\'e}bec,
               Canada, August 20-25 1995, 2 Volumes},
  booktitle = {IJCAI},
  publisher = {Morgan Kaufmann},
  year      = {1995},
  bibsource = {DBLP, http://dblp.uni-trier.de}
}

@article{DBLP:journals/tcs/Benevides17,
  author    = {Mario R. F. Benevides},
  title     = {Bisimilar and logically equivalent programs in {PDL} with parallel
               operator},
  journal   = {Theor. Comput. Sci.},
  volume    = {685},
  pages     = {23--45},
  year      = {2017},
  url       = {https://doi.org/10.1016/j.tcs.2017.02.037},
  doi       = {10.1016/j.tcs.2017.02.037},
  timestamp = {Wed, 14 Jun 2017 16:44:59 +0200},
  biburl    = {https://dblp.org/rec/bib/journals/tcs/Benevides17},
  bibsource = {dblp computer science bibliography, https://dblp.org}
}

@article{DBLP:journals/entcs/BenevidesFV11,
  author    = {Mario R. F. Benevides and
               Renata P. de Freitas and
               Jorge Petrucio Viana},
  title     = {Propositional Dynamic Logic with Storing, Recovering and Parallel
               Composition},
  journal   = {Electr. Notes Theor. Comput. Sci.},
  volume    = {269},
  pages     = {95--107},
  year      = {2011},
  url       = {https://doi.org/10.1016/j.entcs.2011.03.008},
  doi       = {10.1016/j.entcs.2011.03.008},
  timestamp = {Sun, 28 May 2017 13:22:57 +0200},
  biburl    = {https://dblp.org/rec/bib/journals/entcs/BenevidesFV11},
  bibsource = {dblp computer science bibliography, https://dblp.org}
}

@article{DBLP:journals/logcom/BenevidesS14,
  author    = {Mario R. F. Benevides and
               L. Menasch{\'{e}} Schechter},
  title     = {Propositional dynamic logics for communicating concurrent programs
               with CCS's parallel operator},
  journal   = {J. Log. Comput.},
  volume    = {24},
  number    = {4},
  pages     = {919--951},
  year      = {2014},
  url       = {https://doi.org/10.1093/logcom/exu001},
  doi       = {10.1093/logcom/exu001},
  timestamp = {Wed, 17 May 2017 14:25:55 +0200},
  biburl    = {https://dblp.org/rec/bib/journals/logcom/BenevidesS14},
  bibsource = {dblp computer science bibliography, https://dblp.org}
}

@article{DBLP:journals/igpl/VelosoVB14,
  author    = {Paulo A. S. Veloso and
               Sheila R. M. Veloso and
               Mario R. F. Benevides},
  title     = {{PDL} for structured data: a graph-calculus approach},
  journal   = {Logic J. of the {IGPL}},
  volume    = {22},
  number    = {5},
  pages     = {737--757},
  year      = {2014},
  url       = {https://doi.org/10.1093/jigpal/jzu011},
  doi       = {10.1093/jigpal/jzu011},
  timestamp = {Fri, 28 Apr 2017 12:46:33 +0200},
  biburl    = {https://dblp.org/rec/bib/journals/igpl/VelosoVB14},
  bibsource = {dblp computer science bibliography, https://dblp.org}
}


@inproceedings{BittencourtPM04,
  author    = {Guilherme Bittencourt and
               Laurent Perrussel and
               Jerusa Marchi},
  title     = {A Syntactical Approach to Revision},
  booktitle = {ECAI},
  year      = {2004},
  pages     = {788-792},
  crossref  = {DBLP:conf/ecai/2004},
  bibsource = {DBLP, http://dblp.uni-trier.de}
}

@Book{BlackburnEtal01,
  author =    {Blackburn, Patrick and  de Rijke, Maarten and Venema, Yde},
  title =     {Modal Logic},
  publisher = {University Press},
  year =      2001,
  series =    {Cambridge Tracts in Theoretical Computer Science}
}

@article{Brookes07,
  author    = {Stephen Brookes},
  title     = {A semantics for concurrent separation logic},
  journal   = {Theor. Comput. Sci.},
  volume    = {375},
  number    = {1-3},
  pages     = {227--270},
  year      = {2007},
  url       = {https://doi.org/10.1016/j.tcs.2006.12.034},
  doi       = {10.1016/j.tcs.2006.12.034},
  timestamp = {Sun, 28 May 2017 13:20:05 +0200},
  biburl    = {https://dblp.org/rec/bib/journals/tcs/Brookes07},
  bibsource = {dblp computer science bibliography, https://dblp.org}
}

@inproceedings{Brookes04,
  author    = {Stephen D. Brookes},
  title     = {A Semantics for Concurrent Separation Logic},
  booktitle = {{CONCUR} 2004 - Concurrency Theory, 15th International Conference,
               London, UK, August 31 - September 3, 2004, Proceedings},
  pages     = {16--34},
  year      = {2004},
  crossref  = {DBLP:conf/concur/2004},
  url       = {https://doi.org/10.1007/978-3-540-28644-8\_2},
  doi       = {10.1007/978-3-540-28644-8\_2},
  timestamp = {Tue, 30 May 2017 12:57:44 +0200},
  biburl    = {https://dblp.org/rec/bib/conf/concur/Brookes04},
  bibsource = {dblp computer science bibliography, https://dblp.org}
}@proceedings{DBLP:conf/concur/2004,
  editor    = {Philippa Gardner and
               Nobuko Yoshida},
  title     = {{CONCUR} 2004 - Concurrency Theory, 15th Int. Conf.,
               London, UK, August 31 - September 3, 2004, Proceedings},
  series    = {Lecture Notes in Computer Science},
  volume    = {3170},
  publisher = {Springer},
  year      = {2004},
  url       = {https://doi.org/10.1007/b100113},
  doi       = {10.1007/b100113},
  isbn      = {3-540-22940-X},
  timestamp = {Tue, 30 May 2017 12:57:44 +0200},
  biburl    = {https://dblp.org/rec/bib/conf/concur/2004},
  bibsource = {dblp computer science bibliography, https://dblp.org}
}

@article{BrookesO16,
  author    = {Stephen Brookes and
               Peter W. O'Hearn},
  title     = {Concurrent separation logic},
  journal   = {{SIGLOG} News},
  volume    = {3},
  number    = {3},
  pages     = {47--65},
  year      = {2016},
  url       = {http://doi.acm.org/10.1145/2984450.2984457},
  doi       = {10.1145/2984450.2984457},
  timestamp = {Mon, 22 Aug 2016 18:53:07 +0200},
  biburl    = {https://dblp.org/rec/bib/journals/siglog/BrookesO16},
  bibsource = {dblp computer science bibliography, https://dblp.org}
}

@article{CaropreseGZ09,
  author    = {Luciano Caroprese and
               Sergio Greco and
               Ester Zumpano},
  title     = {Active Integrity Constraints for Database Consistency Maintenance},
  journal   = {IEEE Trans. Knowl. Data Eng.},
  volume    = {21},
  number    = {7},
  year      = {2009},
  pages     = {1042-1058},
  ee        = {http://dx.doi.org/10.1109/TKDE.2008.226},
  bibsource = {DBLP, http://dblp.uni-trier.de}
}

@article{CaropreseT11,
  author    = {Luciano Caroprese and
               Miroslaw Truszczynski},
  title     = {Active integrity constraints and revision programming},
  journal   = {TPLP},
  volume    = {11},
  number    = {6},
  year      = {2011},
  pages     = {905-952},
  ee        = {http://dx.doi.org/10.1017/S1471068410000475},
  bibsource = {DBLP, http://dblp.uni-trier.de}
}

@inproceedings{CaropreseT08_Iclp,
  author    = {Luciano Caroprese and
               Miroslaw Truszczynski},
  title     = {Declarative Semantics for Active Integrity Constraints},
  booktitle = {ICLP},
  year      = {2008},
  pages     = {269-283},
  ee        = {http://dx.doi.org/10.1007/978-3-540-89982-2_28},
  crossref  = {DBLP:conf/iclp/2008},
  bibsource = {DBLP, http://dblp.uni-trier.de}
}@proceedings{DBLP:conf/iclp/2008,
  editor    = {Maria Garcia de la Banda and
               Enrico Pontelli},
  title     = {Logic Programming, 24th International Conference, ICLP 2008,
               Udine, Italy, December 9-13 2008, Proceedings},
  booktitle = {ICLP},
  publisher = {Springer},
  series    = {Lecture Notes in Computer Science},
  volume    = {5366},
  year      = {2008},
  isbn      = {978-3-540-89981-5},
  ee        = {http://dx.doi.org/10.1007/978-3-540-89982-2},
  bibsource = {DBLP, http://dblp.uni-trier.de}
}

@inproceedings{CaropreseT08,
  author    = {Luciano Caroprese and
               Miroslaw Truszczynski},
  title     = {Declarative Semantics for Revision Programming and Connections
               to Active Integrity Constraints},
  booktitle = {JELIA},
  year      = {2008},
  pages     = {100-112},
  ee        = {http://dx.doi.org/10.1007/978-3-540-87803-2_10},
  crossref  = {DBLP:conf/jelia/2008},
  bibsource = {DBLP, http://dblp.uni-trier.de}
}@proceedings{DBLP:conf/jelia/2008,
  editor    = {Steffen H{\"o}lldobler and
               Carsten Lutz and
               Heinrich Wansing},
  title     = {Logics in Artificial Intelligence, 11th European Conference,
               JELIA 2008, Dresden, Germany, September 28 - October 1,
               2008. Proceedings},
  booktitle = {JELIA},
  publisher = {Springer},
  series    = {Lecture Notes in Computer Science},
  volume    = {5293},
  year      = {2008},
  isbn      = {978-3-540-87802-5},
  bibsource = {DBLP, http://dblp.uni-trier.de}
}

@inproceedings{CaropreseTZ07,
  author    = {Luciano Caroprese and
               Irina Trubitsyna and
               Ester Zumpano},
  title     = {View Updating Through Active Integrity Constraints},
  booktitle = {ICLP},
  year      = {2007},
  pages     = {430-431},
  ee        = {http://dx.doi.org/10.1007/978-3-540-74610-2_31},
  crossref  = {DBLP:conf/iclp/2007},
  bibsource = {DBLP, http://dblp.uni-trier.de}
}@proceedings{DBLP:conf/iclp/2007,
  editor    = {Ver{\'o}nica Dahl and
               Ilkka Niemel{\"a}},
  title     = {Logic Programming, 23rd International Conference, ICLP 2007,
               Porto, Portugal, September 8-13, 2007, Proceedings},
  booktitle = {ICLP},
  publisher = {Springer},
  series    = {Lecture Notes in Computer Science},
  volume    = {4670},
  year      = {2007},
  isbn      = {978-3-540-74608-9},
  bibsource = {DBLP, http://dblp.uni-trier.de}
}

@inproceedings{DBLP:conf/atal/CharrierS17,
  author    = {Tristan Charrier and
               Fran{\c{c}}ois Schwarzentruber},
  title     = {A Succinct Language for Dynamic Epistemic Logic},
  booktitle = {Proceedings of the 16th Conference on Autonomous Agents and MultiAgent
               Systems, {AAMAS} 2017, S{\~{a}}o Paulo, Brazil, May 8-12, 2017},
  pages     = {123--131},
  year      = {2017},
  crossref  = {DBLP:conf/atal/2017},
  url       = {http://dl.acm.org/citation.cfm?id=3091148},
  timestamp = {Wed, 27 Sep 2017 07:24:00 +0200},
  biburl    = {https://dblp.org/rec/bib/conf/atal/CharrierS17},
  bibsource = {dblp computer science bibliography, https://dblp.org}
}@proceedings{DBLP:conf/atal/2017,
  editor    = {K. Larson and
               M. Winikoff and
               S. Das and
               E.H. Durfee},
  title     = {Proceedings of the 16th Conference on Autonomous Agents and MultiAgent
               Systems, {AAMAS} 2017, S{\~{a}}o Paulo, Brazil, May 8-12, 2017},
  publisher = {{ACM}},
  year      = {2017},
  url       = {http://dl.acm.org/citation.cfm?id=3091125},
  timestamp = {Wed, 27 Sep 2017 07:24:00 +0200},
  biburl    = {https://dblp.org/rec/bib/conf/atal/2017},
  bibsource = {dblp computer science bibliography, https://dblp.org}
}

@inproceedings{DBLP:conf/atal/CharrierS15,
  author    = {Tristan Charrier and
               Fran{\c{c}}ois Schwarzentruber},
  title     = {Arbitrary Public Announcement Logic with Mental Programs},
  booktitle = {Proceedings of the 2015 International Conference on Autonomous Agents
               and Multiagent Systems, {AAMAS} 2015, Istanbul, Turkey, May 4-8, 2015},
  pages     = {1471--1479},
  year      = {2015},
  crossref  = {DBLP:conf/atal/2015},
  url       = {http://dl.acm.org/citation.cfm?id=2773340},
  timestamp = {Fri, 15 May 2015 17:42:53 +0200},
  biburl    = {https://dblp.org/rec/bib/conf/atal/CharrierS15},
  bibsource = {dblp computer science bibliography, https://dblp.org}
}@proceedings{DBLP:conf/atal/2015,
  editor    = {G. Weiss and
               P. Yolum and
               R.H. Bordini and
               E. Elkind},
  title     = {Proceedings of the 2015 International Conference on Autonomous Agents
               and Multiagent Systems, {AAMAS} 2015, Istanbul, Turkey, May 4-8, 2015},
  publisher = {{ACM}},
  year      = {2015},
  url       = {http://dl.acm.org/citation.cfm?id=2772879},
  isbn      = {978-1-4503-3413-6},
  timestamp = {Fri, 15 May 2015 16:18:42 +0200},
  biburl    = {https://dblp.org/rec/bib/conf/atal/2015},
  bibsource = {dblp computer science bibliography, https://dblp.org}
}

@Book{Chellas80,
  author =   {Chellas, Brian},
  title =    {Modal logic: An introduction},
  publisher = {Cambridge University Press},
  year =     {1980},
}

@INPROCEEDINGS{ChomickiMarcinkowski04,
    author = {Jan Chomicki and Jerzy Marcinkowski},
    title = {On the Computational Complexity of Minimal-Change Integrity Maintenance in Relational Databases},
    booktitle = {Inconsistency Tolerance},
    editors = {Bertossi, Leopoldo and Hunter, Anthony and Schaub, Torsten},
    year = {2004},
    pages = {119--150},
    publisher = {Springer}
}

@inproceedings{Cruz-Filipe14,
  author    = {Lu\'{\i}s Cruz-Filipe},
  title     = {Optimizing Computation of Repairs from Active Integrity
               Constraints},
  booktitle = {FoIKS},
  year      = {2014},
  pages     = {361-380},
  ee        = {http://dx.doi.org/10.1007/978-3-319-04939-7_18},
  crossref  = {DBLP:conf/foiks/2014},
  bibsource = {DBLP, http://dblp.uni-trier.de}
}@proceedings{DBLP:conf/foiks/2014,
  editor    = {Christoph Beierle and
               Carlo Meghini},
  title     = {Foundations of Information and Knowledge Systems - 8th International
               Symposium, FoIKS 2014, Bordeaux, France, March 3-7, 2014.
               Proceedings},
  booktitle = {FoIKS},
  publisher = {Springer},
  series    = {Lecture Notes in Computer Science},
  volume    = {8367},
  year      = {2014},
  isbn      = {978-3-319-04938-0},
  ee        = {http://dx.doi.org/10.1007/978-3-319-04939-7},
  bibsource = {DBLP, http://dblp.uni-trier.de}
}

@InProceedings{DarvasEtal05,
author="Darvas, {\'A}d{\'a}m
and H{\"a}hnle, Reiner
and Sands, David",
editor="Hutter, D. and Ullmann, M.",
title="A Theorem Proving Approach to Analysis of Secure Information Flow",
booktitle="Security in Pervasive Computing",
year="2005",
publisher="Springer Berlin Heidelberg",
address="Berlin, Heidelberg",
pages="193--209",
isbn="978-3-540-32004-3"
}

@Article{DeGiacomo96,
  author =   {de Giacomo, Giuseppe },
  title =    {Eliminating ``converse'' from {C}onverse {PDL}},
  journal =  {Journal of Logic, Language and Information (JoLLI)},
  year =     1996,
  volume =   5,
  pages =    {193--208},
}

@article{Eijck00,
  author    = {Jan van Eijck},
  title     = {Making Things Happen},
  journal   = {Studia Logica},
  volume    = {66},
  number    = {1},
  year      = {2000},
  pages     = {41-58},
  bibsource = {DBLP, http://dblp.uni-trier.de}
}

@inproceedings{FlescaGZ04,
  author    = {Sergio Flesca and
               Sergio Greco and
               Ester Zumpano},
  title     = {Active integrity constraints},
  booktitle = {PPDP},
  year      = {2004},
  pages     = {98-107},
  ee        = {http://doi.acm.org/10.1145/1013963.1013977},
  crossref  = {DBLP:conf/ppdp/2004},
  bibsource = {DBLP, http://dblp.uni-trier.de}
}
@proceedings{DBLP:conf/ppdp/2004,
  editor    = {Eugenio Moggi and
               David Scott Warren},
  title     = {Proceedings of the 6th International ACM SIGPLAN Conference
               on Principles and Practice of Declarative Programming, 24-26
               August 2004, Verona, Italy},
  booktitle = {PPDP},
  publisher = {ACM},
  year      = {2004},
  isbn      = {1-58113-819-9},
  bibsource = {DBLP, http://dblp.uni-trier.de}
}

@inproceedings{Gerbrandy06,
  author    = {Jelle Gerbrandy},
  title     = {Logics of propositional control},
  booktitle = {5th International Joint Conference on Autonomous Agents
               and Multiagent Systems (AAMAS 2006)},
  editor    = {Hideyuki Nakashima and
               Michael P. Wellman and
               Gerhard Weiss and
               Peter Stone},
  publisher = {ACM},
  year      = 2006,
  pages     = {193--200}
}

@ARTICLE{DeGiacomoMassacci00,
  AUTHOR =       "De Giacomo, Giuseppe and Massacci, Fabio",
  TITLE =        "Combining deduction and model checking into tableaux and algorithms for Converse-{PDL}",
  JOURNAL =      "Information  and Computation",
  YEAR =         "2000",
  volume =       "162",
  number =       "1--2",
  pages =        "117-137",
}

@article{Goldblatt92,
  author    = {Robert Goldblatt},
  title     = {Parallel Action: Concurrent Dynamic Logic with Independent Modalities},
  journal   = {Studia Logica},
  volume    = {51},
  number    = {3/4},
  pages     = {551--578},
  year      = {1992},
  url       = {https://doi.org/10.1007/BF01028975},
  doi       = {10.1007/BF01028975},
  timestamp = {Sat, 20 May 2017 00:23:56 +0200},
  biburl    = {https://dblp.org/rec/bib/journals/sLogica/Goldblatt92},
  bibsource = {dblp computer science bibliography, https://dblp.org}
}

@InCollection{KatsunoMendelzon92,
  author =    {Hirofumi Katsuno and Mendelzon, Alberto O.},
  title =     {On the difference between updating a knowledge base and revising it},
  editor =    {Peter G{\"a}rdenfors },
  booktitle = {Belief revision},
  publisher = {Cambridge University Press},
  year =      1992,
  pages =     {183--203},
  note =      {(preliminary version in
        Allen, J.A., Fikes, R., and Sandewall, E., eds.,
        Principles of Knowledge Representation and Reasoning:
        Proc. 2nd Int. Conf., pages 387--394.
        Morgan Kaufmann Publishers, 1991)},
}@proceedings{DBLP:conf/ecai/2004,
  editor    = {Ramon L{\'o}pez de M{\'a}ntaras and
               Lorenza Saitta},
  title     = {Proceedings of the 16th Eureopean Conference on Artificial
               Intelligence, ECAI'2004, including Prestigious Applicants
               of Intelligent Systems, PAIS 2004, Valencia, Spain, August
               22-27, 2004},
  booktitle = {ECAI},
  publisher = {IOS Press},
  year      = {2004},
  isbn      = {1-58603-452-9},
  bibsource = {DBLP, http://dblp.uni-trier.de}
}

@article{LangLM03,
  author    = {J{\'e}r{\^o}me Lang and
               Paolo Liberatore and
               Pierre Marquis},
  title     = {Propositional Independence: Formula-Variable Independence
               and Forgetting},
  journal   = {J. Artif. Intell. Res. (JAIR)},
  volume    = {18},
  year      = {2003},
  pages     = {391-443},
  ee        = {http://dx.doi.org/10.1613/jair.1113},
  bibsource = {DBLP, http://dblp.uni-trier.de}
}

@article{MarchiBP10,
  author    = {Jerusa Marchi and
               Guilherme Bittencourt and
               Laurent Perrussel},
  title     = {Prime forms and minimal change in propositional belief bases},
  journal   = {Ann. Math. Artif. Intell.},
  volume    = {59},
  number    = {1},
  year      = {2010},
  pages     = {1-45},
  ee        = {http://dx.doi.org/10.1007/s10472-010-9206-x},
  bibsource = {DBLP, http://dblp.uni-trier.de}
}

@inproceedings{MeyerWinklmann79,
  author    = {Albert R. Meyer and
               Karl Winklmann},
  title     = {On the Expressive Power of Dynamic Logic (Preliminary Report)},
  booktitle = {STOC},
  year      = {1979},
  pages     = {167-175},
  ee        = {http://doi.acm.org/10.1145/800135.804410},
  crossref  = {DBLP:conf/stoc/STOC11},
  bibsource = {DBLP, http://dblp.uni-trier.de}
}@proceedings{DBLP:conf/stoc/STOC11,
  editor    = {Michael J. Fischer and
               Richard A. DeMillo and
               Nancy A. Lynch and
               Walter A. Burkhard and
               Alfred V. Aho},
  title     = {Proceedings of the 11h Annual ACM Symposium on Theory of
               Computing, April 30 - May 2, 1979, Atlanta, Georgia, USA},
  booktitle = {STOC},
  publisher = {ACM},
  year      = {1979},
  bibsource = {DBLP, http://dblp.uni-trier.de}
}

@InProceedings{Lang07,
author = {Lang, J\'er{\^o}me},
title = "{Belief update revisited}",
booktitle = "{Proc. of the 10th International Joint Conference on Artificiel Intelligence (IJCAI'07)}",
year = {2007},
publisher = { },
address = { },
pages = {2517--2522},
}

@article{LangEtal03,
  author    = {Lang, J\'er\^ome and
               Liberatore, Paulo and
               Marquis, Pierre},
  title     = {Propositional Independence: Formula-Variable Independence
               and Forgetting},
  journal   = {J. Artif. Intell. Res. (JAIR)},
  volume    = {18},
  year      = {2003},
  pages     = {391-443},
}

@INPROCEEDINGS{LangMarquis98,
  AUTHOR =       "J. Lang and P. Marquis",
  TITLE =        "Two forms of Dependence in Propositional Logic : Controllability and Definability",
  BOOKTITLE =    "Proceedings of the 15th National Conference on Artificial Intelligence (AAAI'98)",
  address =      "Providence (WI)",
  YEAR =         "1998",
  pages =        "268--273"
}

@inproceedings{LiLutzMilicicWolter06-KR,
  author = {H. {Liu} and C. {Lutz} and M. {Milicic} and F. {Wolter}},
  booktitle = {Proceedings of the Tenth International Conference on Principles of Knowledge Representation and Reasoning (KR'06)},
  editor = {Patrick {Doherty} and John {Mylopoulos} and Christopher {Welty}},
  pages = {46--56},
  publisher = {AAAI Press},
  title = {Updating Description Logic {ABoxes}},
  year = {2006},
}

@article{LiLutzMilicicWolter11-AIJ,
  author = {Hongkai {Liu} and Carsten {Lutz} and Maja {Milicic} and Frank {Wolter}},
  journal = {Artificial Intelligence},
  number = {18},
  pages = {2170--2197},
  title = {Foundations of instance level updates in expressive description logics},
  volume = {175},
  year = {2011},
}

@article{MillerM05,
  author    = {Joseph S. Miller and
               Lawrence S. Moss},
  title     = {The Undecidability of Iterated Modal Relativization},
  journal   = {Studia Logica},
  volume    = {79},
  number    = {3},
  year      = {2005},
  pages     = {373-407},
  bibsource = {DBLP, http://dblp.uni-trier.de}
}

@inproceedings{OHearn04,
  author    = {Peter W. O'Hearn},
  title     = {Resources, Concurrency and Local Reasoning},
  booktitle = {{CONCUR} 2004 - Concurrency Theory, 15th International Conference,
               London, UK, August 31 - September 3, 2004, Proceedings},
  pages     = {49--67},
  year      = {2004},
  crossref  = {DBLP:conf/concur/2004},
  url       = {https://doi.org/10.1007/978-3-540-28644-8\_4},
  doi       = {10.1007/978-3-540-28644-8\_4},
  timestamp = {Tue, 30 May 2017 12:57:44 +0200},
  biburl    = {https://dblp.org/rec/bib/conf/concur/OHearn04},
  bibsource = {dblp computer science bibliography, https://dblp.org}
}

@article{Peleg87,
  author    = {David Peleg},
  title     = {Concurrent dynamic logic},
  journal   = {J. of the {ACM}},
  volume    = {34},
  number    = {2},
  pages     = {450--479},
  year      = {1987},
  url       = {https://doi.org/10.1145/23005.23008},
  doi       = {10.1145/23005.23008},
  timestamp = {Tue, 06 Nov 2018 12:51:44 +0100},
  biburl    = {https://dblp.org/rec/bib/journals/jacm/Peleg87},
  bibsource = {dblp computer science bibliography, https://dblp.org}
}

@inproceedings{PeppasNPFKP96,
  author    = {Pavlos Peppas and
               Abhaya C. Nayak and
               Maurice Pagnucco and
               Norman Y. Foo and
               Rex Bing Hung Kwok and
               Mikhail Prokopenko},
  title     = {Revision vs. Update: Taking a Closer Look},
  booktitle = {ECAI},
  year      = {1996},
  pages     = {95-99},
  crossref  = {DBLP:conf/ecai/1996},
  bibsource = {DBLP, http://dblp.uni-trier.de}
}@proceedings{DBLP:conf/ecai/1996,
  editor    = {Wolfgang Wahlster},
  title     = {12th European Conference on Artificial Intelligence, Budapest,
               Hungary, August 11-16, 1996, Proceedings},
  booktitle = {ECAI},
  publisher = {John Wiley and Sons, Chichester},
  year      = {1996},
  bibsource = {DBLP, http://dblp.uni-trier.de}
}

@article{MayerS96,
  author    = {Alain J. Mayer and
               Larry J. Stockmeyer},
  title     = {The Complexity of {PDL} with Interleaving},
  journal   = {Theor. Comput. Sci.},
  volume    = {161},
  number    = {1{\&}2},
  pages     = {109--122},
  year      = {1996},
  url       = {https://doi.org/10.1016/0304-3975(95)00095-X},
  doi       = {10.1016/0304-3975(95)00095-X},
  timestamp = {Sun, 28 May 2017 13:20:02 +0200},
  biburl    = {https://dblp.org/rec/bib/journals/tcs/MayerS96},
  bibsource = {dblp computer science bibliography, https://dblp.org}
}

@inproceedings{TroquardEtal11-Aamas,
  author    = {van der Hoek, Wiebe and
               Nicolas Troquard and
               Michael Wooldridge},
  title     = {Knowledge and Control},
  year      = {2011},
  pages     = {719--726},
  booktitle = {Proc. AAMAS'11},
}

@inproceedings{GorankoEtal11-Aamas,
  author    = {Valentin Goranko and Wojtek Jamroga and Paolo Turrini},
  title     = {Strategic Games and Truly Playable Effectivity Functions},
  year      = {2011},
  pages     = {??--??},
  booktitle = {Proc. AAMAS'11},
note = {To appear}
}

@inproceedings{HerzigTroquard-Aamas06,
  author    = {Andreas Herzig and
               Nicolas Troquard},
  title     = {Knowing how to play: uniform choices in logics of agency},
  booktitle = {AAMAS'06},
  year      = {2006},
  pages     = {209-216},
  crossref  = "AAMAS2006proc",
  bibsource = {DBLP, http://dblp.uni-trier.de}
}
@inproceedings{Lutz06,
  author    = {Carsten Lutz},
  title     = {Complexity and succinctness of public announcement logic},
  booktitle = {AAMAS'06},
  year      = {2006},
  pages     = {137-143},
  crossref  = "AAMAS2006proc",
  bibsource = {DBLP, http://dblp.uni-trier.de}
}

@inproceedings{JamrogaAgotnes06,
  author    = {Wojciech Jamroga and
               Thomas {\AA}gotnes},
  title     = {What agents can achieve under incomplete information},
  booktitle = {AAMAS'06},
  year      = {2006},
  pages     = {232-234},
  ee        = {http://doi.acm.org/10.1145/1160633.1160672},
  crossref  = "AAMAS2006proc",
  bibsource = {DBLP, http://dblp.uni-trier.de}
}@Proceedings{ AAMAS2006proc,
  editor    = {Hideyuki Nakashima and
               Michael P. Wellman and
               Gerhard Weiss and
               Peter Stone},
  title     = {5th International Joint Conference on Autonomous Agents
               and Multiagent Systems (AAMAS 2006), Hakodate, Japan, May
               8-12, 2006},
  booktitle = {AAMAS'06},
  publisher = {ACM},
  year      = {2006},
  isbn      = {1-59593-303-4},
  bibsource = {DBLP, http://dblp.uni-trier.de}
}

@article{AHK02,
        author="Alur, R. and Henzinger, Thomas and Kupferman, Orna",
        title="Alternating-time temporal logic",
        journal="J. of the {ACM}",
        volume="49",
        year="2002",
        pages="672--713"
}

@TechReport{AlurEtal00_alur00mocha-manual,
  author =   {Alur, R. and de Alfaro, L. and Henzinger, T. and Krishnan, S. and Mang, F. and Qadeer, S. and Rajamani, S. and Ta\c{s}iran, S.},
  title =    {{\textsc{mocha}} user manual},
  institution =  {University of Berkeley},
  year =     {2000}
}


@Article{AlurEtal99_reactivemodules99,
  author =   {Alur, R. and Henzinger, T.},
  title =    {Reactive Modules},
  journal =      {Formal Methods in System Design 15:7-48, 1999},
  year =     {1999},
  volume =   {15},
  pages =    {7--48}
}

@ARTICLE{BaltagMoss04,
  author =   {Baltag, Alexandru and Moss, Lawrence S.},
  title =    {Logics for Epistemic Programs},
  JOURNAL =      "Synthese",
  YEAR =         "2004",
  volume =       "139",
  number =       "2",
  pages =        "165--224",
}

@InProceedings{BaltagMossSolecki98,
  author =   {Baltag, Alexandru and Moss, Lawrence S. and Solecki, Slawomir},
  title =    {The Logic of Public Announcements, Common
                  Knowledge, and Private Suspicions},
  booktitle =    {Proc. TARK'98},
  pages =    {43--56},
  year =     1998
}


@inproceedings{Borgo07,
  author    = {Stefano Borgo},
  title     = {Coalitions in Action Logic},
  booktitle = {Proc. IJCAI'07},
  year      = {2007},
  pages     = {1822--1827}
}

@InProceedings{Boutilier94,
  author =   {Boutilier, Craig},
  title =    {Toward a logic for qualitative decision theory},
  booktitle =    {Proc. KR'94},
  pages =    {75--86},
  year =     1994,
  publisher =    {Morgan Kaufmann}
}

@InProceedings{BroersenHerzigTroquard-Tark07,
author    = {Broersen, Jan and Herzig, Andreas and Troquard, Nicolas},
title     = {Normal Coalition Logic and its conformant extension},
  booktitle =    {Proceedings of the eleventh conference Theoretical Aspects of Rationality and Knowledge (TARK)},
  OPTbooktitle = {Proceedings of TARK-XI},
  year =     2007,
  editor =   {Dov Samet},
  address =   {Brussels, Belgium},
  month =     {June 25 -- 27},
  publisher =    {Presses universitaires de Louvain},
  pages =    {92--101},
  isbn =         {978-2-8746-3077-4},
URL       = {http://www.irit.fr/{\~}Andreas.Herzig/P/Tark07ncl.html},
keywords  = {coalition logic, uniform strategy},
}

@Article{Ditmarsch02therussian,
    title = "{The Russian cards problem}",
    year = {2004},
    author = {Hans van Ditmarsch},
  journal =      {Studia Logica},
  volume =   {75},
  number =   {1},
  pages =    {31--62}
}

@Article{DitmarschHerzigLima-Jlc10,
author    = {Ditmarsch, Hans P. van and Herzig, Andreas and Lima, Tiago de },
title     = "{From Situation Calculus to Dynamic Logic}",
journal   = {Journal of Logic and Computation},
publisher = {Oxford University Press},
volume    = {21},
number    = {2},
pages     = {179--204},
year      = {2011}
}

@BOOK{DitmarschHoekKooi07,
  AUTHOR =       "van Ditmarsch, Hans P. and van der Hoek, Wiebe and Kooi, Barteld",
  TITLE =        "Dynamic Epistemic Logic",
  PUBLISHER =    "Kluwer Academic Publishers",
  YEAR =         "2007"
}

@article{EiterGottlob92,
  author    = {Thomas Eiter and
               Georg Gottlob},
  title     = {On the Complexity of Propositional Knowledge Base Revision,
               Updates, and Counterfactuals},
  journal   = {Artif. Intell.},
  volume    = {57},
  number    = {2-3},
  year      = {1992},
  pages     = {227-270},
  ee        = {http://dx.doi.org/10.1016/0004-3702(92)90018-S},
  bibsource = {DBLP, http://dblp.uni-trier.de}
}

@InCollection{Harel84,
  author =   {Harel, David},
  title =    {Dynamic Logic},
  editor =   {Gabbay, Dov M. and G{\"u}nthner, Franz},
  booktitle =    {Handbook of Philosophical Logic},
  publisher =    {D. Reidel, Dordrecht},
  year =     1984,
  volume =   {II},
  pages =    {497--604},
}

@Book{HarelKozenTiuryn00,
  author =  {David Harel and Dexter Kozen and Jerzy Tiuryn},
  title =    {Dynamic Logic},
  publisher =    {MIT Press},
  year =     2000,
  pages =     {450},
}

@article{HoekWooldridge03,
    Author = {van der Hoek, Wiebe and Wooldridge, Michael},
    Title = {Cooperation, knowledge, and time: Alternating-time Temporal Epistemic logic and its applications},
    Journal = {Studia Logica},
    Pages = {125-157},
    Volume = {75},
    Year = {2003}
}

@article{HoekWooldridge05,
  author    = {van der Hoek, Wiebe and Michael Wooldridge},
  title     = {On the logic of cooperation and propositional control},
  journal   = {Artif. Intell.},
  volume    = {164},
  number    = {1-2},
  year      = {2005},
  pages     = {81--119}
}

@inproceedings{HoekEtal05,
  author    = {van der Hoek, Wiebe and Wooldridge, Michael},
  title     = {On the dynamics of delegation, cooperation and control: a logical account},
  booktitle = {Proc. AAMAS'05},
  year      = {2005},
}

@article{HoekEtal10,
  author    = {van der Hoek, Wiebe and Walther, Dirk and Wooldridge, Michael},
  title     = {On the logic of cooperation and the transfer of control},
  journal   = {J. of AI Research (JAIR)},
  volume    = {37},
  year      = {2010},
  pages     = {437--477},
}

@ARTICLE{JamrogaHoek04,
author   = {W.J. Jamroga and W. van der Hoek},
title    = {Agents that Know How to Play},
journal  = {Fundamenta Informaticae},
volume   = 63,
numbers  = {2-3},
pages    = {185--219},
year     = 2004,
}


@INPROCEEDINGS{DitmarschHoekKooi05,
  AUTHOR =       "Ditmarsch, Hans P. van and van der Hoek, Wiebe and Kooi, Barteld",
  TITLE =        "Dynamic epistemic logic with assignment",
  BOOKTITLE =    "Proc. AAMAS'05",
  YEAR =         "2005",
  pages =        "141--148"
}


@inproceedings{harrenstein01tark,
 author = {Harrenstein, P. and van der Hoek, W. and
                  Meyer, J.-J. and Witteveen, C.},
 title = {Boolean games},
 booktitle = {TARK '01: Proceedings of the 8th conference on
                  Theoretical aspects of rationality and knowledge},
 year = 2001,
 pages = {287--298},
 publisher = {Morgan Kaufmann Publishers Inc.}
 }

@INPROCEEDINGS{HollidayEtal11,
  AUTHOR =       "Holliday, Wesley H. and Hoshi, Tomohiro and Icard III, Thomas F. ",
 title = {Schematic validity in dynamic epistemic logic: decidability},
 booktitle = {Proceedings of the Third international conference on Logic, rationality, and interaction},
 series = {LORI'11},
 year = {2011},
 isbn = {978-3-642-24129-1},
 location = {Guangzhou, China},
 pages = {87--96},
 numpages = {10},
 url = {http://dl.acm.org/citation.cfm?id=2050423.2050429},
 acmid = {2050429},
 publisher = {Springer-Verlag},
 address = {Berlin, Heidelberg},
 keywords = {decidability, dynamic epistemic logic, modal logic, public announcement logic, schematic validity, substitution core},
} 

@article{KourousiasM07,
    Author = {G. Kourousias and D. Makinson},
    Date-Added = {2008-01-10 15:34:43 -0500},
    Date-Modified = {2008-01-10 15:48:41 -0500},
    Journal = {Journal of Symbolic Logic},
    Number = {3},
    Pages = {994-1002},
    Title = {Parallel interpolation, splitting, and relevance in belief change},
    Volume = {72},
    Year = {2007}
}

@ARTICLE{Kooi07,
  AUTHOR =       "Kooi, Barteld",
  TITLE =        "Expressivity and completeness for public update logic via reduction
  axioms",
  JOURNAL =      "Journal of Applied Non-Classical Logics",
  YEAR =         "2007",
  volume =       "17",
  number =       "2",
  pages =        "231--253"
}

@chapter{Nebel96,
    author = {Bernhard Nebel},
    title = {How Hard is it to Revise a Belief Base?},
  booktitle =    "Handbook of defeasible reasoning and uncertainty management",
  publisher =    Kluwer,
  year =     1998,
  editor =   "Dubois, Didier and Gabbay, Dov and Prade, Henri and Smets, Philippe",
  volume =   "3 - Belief Change",
  pages =    "77-145",
}

@incollection{Parikh99,
 author = {Parikh, Rohit},
 title = {Beliefs, Belief Revision, and Splitting Languages},
 booktitle = {Logic, Language and Computation, Vol. 2},
 editor = {Moss, Lawrence S. and Ginzburg, Jonathan and de Rijke, Maarten},
 year = {1999},
 isbn = {1-57586-181-X},
 pages = {266--278},
 numpages = {13},
 url = {http://dl.acm.org/citation.cfm?id=330596.330623},
 acmid = {330623},
 publisher = {Center for the Study of Language and Information},
 address = {Stanford, CA, USA},
} 

@chapter{Parikh99b,
    Author = {Rohit Parikh},
    title = {Beliefs, belief revision, and splitting languages},
  booktitle =    "Logic, Language, and Computation",
  publisher =    "CSLI Publications",
  year =     1999,
  editor =   "Moss, L. and Ginzburg, J. and de Rijke, M.",
  volume =   "2",
}

@inbook{Parikh99a,
    Author = {Rohit Parikh},
    Chapter = {Beliefs, belief revision, and splitting languages},
    Title = {Logic, Language, and Computation},
    Editor = {L. Moss and J. Ginzburg and M. {de Rijke}},
    Publisher = {CSLI Publications},
    Volume = {2},
    Year = {1999}
}

@INPROCEEDINGS{Plaza89,
  AUTHOR =       "Plaza, Jan A.",
  TITLE =        "Logics of public communcations",
  BOOKTITLE =    "Proc. 4th Int. Symposium on Methodologies for Intelligent Systems",
  YEAR =         "1989",
  editor =       "Emrich, M. L. and Pfeifer, M. Z. and Hadzikadic, M. and Ras, Z. W.",
  pages =        "201--216",
  note =         "reprinted in Synthese 158:2, pages 165-179, 2007",
}

@inproceedings{Satoh88,
  author    = {Ken Satoh},
  title     = {Nonmonotonic Reasoning by Minimal Belief Revision},
  booktitle = {FGCS},
  year      = {1988},
  pages     = {455-462},
  bibsource = {DBLP, http://dblp.uni-trier.de}
}

@article{Schobbens04,
  author =   {Schobbens, Pierre Yves},
  title =    {Alternating-time logic with imperfect recall},
  journal =  {Electronic Notes in Theoretical Computer Science},
  year =     {2004},
  volume =   {85},
  number =   {2},
  pages  =   {82--93},
}

@inproceedings{SlotaL10,
  author    = {Martin Slota and
               Jo{\~a}o Leite},
  title     = {On Semantic Update Operators for Answer-Set Programs},
  booktitle = {ECAI},
  year      = {2010},
  pages     = {957-962},
  ee        = {http://dx.doi.org/10.3233/978-1-60750-606-5-957},
  crossref  = {DBLP:conf/ecai/2010},
  bibsource = {DBLP, http://dblp.uni-trier.de}
}@proceedings{DBLP:conf/ecai/2010,
  editor    = {Helder Coelho and
               Rudi Studer and
               Michael Wooldridge},
  title     = {ECAI 2010 - 19th European Conference on Artificial Intelligence,
               Lisbon, Portugal, August 16-20, 2010, Proceedings},
  booktitle = {ECAI},
  publisher = {IOS Press},
  series    = {Frontiers in Artificial Intelligence and Applications},
  volume    = {215},
  year      = {2010},
  isbn      = {978-1-60750-605-8},
  ee        = {http://www.booksonline.iospress.nl/Content/View.aspx?piid=17702},
  bibsource = {DBLP, http://dblp.uni-trier.de}
}

@article{ StockmeyerC79,
  author    = {Larry J. Stockmeyer and
               Ashok K. Chandra},
  title     = {Provably Difficult Combinatorial Games},
  journal   = {SIAM J. Comput.},
  volume    = {8},
  number    = {2},
  year      = {1979},
  pages     = {151-174}
}

@article{TiomkinMakowsky85,
  author    = {Michael L. Tiomkin and
               Johann A. Makowsky},
  title     = {Propositional Dynamic Logic with Local Assignments},
  journal   = {Theor. Comput. Sci.},
  volume    = {36},
  year      = {1985},
  pages     = {71-87},
  bibsource = {DBLP, http://dblp.uni-trier.de}
}

@PhDthesis{Troquard-These07,
  author =  "Troquard, Nicolas",
  title =   "Independent agents in branching time:
             towards a unified framework for reasoning about multiagent systems",
  school =     "Universit\'e Paul Sabatier, Toulouse and Universit\`a degli studi di Trento",
  year =      2007,
  month =     jul,
}

@inproceedings{TroquardEtal09-Aamas,
  author    = {Nicolas Troquard and
               van der Hoek, Wiebe and
               Michael Wooldridge},
  title     = {A logic of games and propositional control},
  year      = {2009},
  pages     = {961--968},
  booktitle = {Proc. AAMAS'09}
}

@inproceedings{TroquardEtal09-Tark,
  author    = {Troquard, Nicolas and
               van der Hoek, Wiebe and
               Wooldridge, Michael },
  title     = {A logic of propositional control for truthful implementations},
  year      = {2009},
  pages     = {237--246},
  booktitle = {Proc. TARK'09}
}

@PHDTHESIS{Walther07,
  AUTHOR =       "Dirk Walther",
  TITLE =        "Strategic Logics: Complexity, Completeness and Expressivity",
  SCHOOL =       "University of Liverpool",
  YEAR =         "2007",
}

@article{Wilm91,
  author    = {Andreas Wilm},
  title     = {Determinism and non-determinism in {PDL}  },
  journal   = {Theor. Comput. Sci.},
  volume    = {87},
  number    = {1},
  year      = {1991},
  pages     = {189-202},
  bibsource = {DBLP, http://dblp.uni-trier.de}
}

@Book{ abdoukeiding,
  author =   {Abdou, Joseph and Keiding,Hans},
  title =    {Effectivity functions in social choice},
  publisher =    {Kluwer Academic},
  year =     {1991}
}

@article{ pauly02coalitional,
  author    = {Pauly, M.},
  title     = {A Modal Logic for Coalitional Power in Games.},
  journal   = {Journal of Logic and Computation},
  publisher = "{Oxford University Press}",
  volume    = {12},
  number    = {1},
  year      = {2002},
  pages     = {149-166}
}


@InProceedings{Dalal88,
author ={Dalal, Mukesh},
title={Investigations into a theory of knowledge base revision: preliminary
report},
booktitle={Proc. 7th Conf. on Artificial Intelligence (AAAI'88)},
year=1988,
pages={475--479},
}

@InProceedings{Forbus89,
  author ={Forbus, Kenneth D.},
  title = {Introducing actions into qualitative simulation},
  editor =   {Sridharan, N. S.},
  booktitle = {Proc. 11th Int. Joint Conf. on Artificial Intelligence (IJCAI'89)},
  year =      1989,
  pages =     {1273--1278},
  publisher = {Morgan Kaufmann Publishers},
}

@incollection{Scheben2016,
  author    = {Christoph Scheben and
               Simon Greiner},
  title     = {Information Flow Analysis},
  booktitle = {Deductive Software Verification - The KeY Book - From Theory to Practice},
  pages     = {453--471},
  year      = {2016},
  crossref  = {DBLP:series/lncs/10001},
  url       = {https://doi.org/10.1007/978-3-319-49812-6\_13},
  doi       = {10.1007/978-3-319-49812-6\_13},
  timestamp = {Tue, 14 May 2019 10:00:55 +0200},
  biburl    = {https://dblp.org/rec/bib/series/lncs/SchebenG16},
  bibsource = {dblp computer science bibliography, https://dblp.org}
}@book{DBLP:series/lncs/10001,
  editor    = {W. Ahrendt and
               B. Beckert and
               R. Bubel and
               R. H{\"{a}}hnle and
               P. H. Schmitt and
               M. Ulbrich},
  title     = {Deductive Software Verification - The KeY Book - From Theory to Practice},
  series    = {Lecture Notes in Computer Science},
  volume    = {10001},
  publisher = {Springer},
  year      = {2016},
  url       = {https://doi.org/10.1007/978-3-319-49812-6},
  doi       = {10.1007/978-3-319-49812-6},
  isbn      = {978-3-319-49811-9},
  timestamp = {Tue, 14 May 2019 10:00:55 +0200},
  biburl    = {https://dblp.org/rec/bib/series/lncs/10001},
  bibsource = {dblp computer science bibliography, https://dblp.org}
}

@InProceedings{Winslett88,
  author={Winslett, Mary-Anne},
title={ Reasoning about action using a possible models approach},
pages={89--93},
address={St. Paul},
year=1988,
booktitle= {Proc. 7th Conf. on Artificial Intelligence (AAAI'88)},
}

@book{Winslett90,
  author={Winslett, Mary-Anne },
  title={Updating Logical Databases},
  publisher= {Cambridge University Press},
  series    = {Cambridge Tracts in Theoretical Computer Science},
  year=1990,
}

@InCollection{Winslett95,
  author={Winslett, Mary-Anne },
  title={Updating Logical Databases},
  editor =   {Gabbay, Dov M. and Hogger, Chris J. and Robinson, J. A.},
  booktitle =    {Handbook of Logic in Artificial Intelligence and
          Logic Programming},
  volume =   {4},
  publisher = {Oxford University Press},
  year =      {1995},
  pages =     {133--174},
  }

  
